<record><leader>00000cas a22000007a 4500</leader><controlfield tag="001">37704219</controlfield><controlfield tag="008">970929d19011911okuwr n       0    0eng d</controlfield><datafield ind1=" " ind2=" " tag="010"><subfield code="a">sn 97070344 </subfield></datafield><datafield ind1=" " ind2=" " tag="040"><subfield code="a">OBN</subfield><subfield code="b">eng</subfield><subfield code="c">OBN</subfield><subfield code="d">OCLCQ</subfield><subfield code="d">OCLCF</subfield><subfield code="d">OCLCO</subfield></datafield><datafield ind1="1" ind2=" " tag="029"><subfield code="a">AU@</subfield><subfield code="b">000013539044</subfield></datafield><datafield ind1=" " ind2=" " tag="042"><subfield code="a">msc</subfield></datafield><datafield ind1=" " ind2=" " tag="043"><subfield code="a">n-us-ok</subfield></datafield><datafield ind1="0" ind2=" " tag="130"><subfield code="a">Shawnee herald (Weekly : 1901)</subfield></datafield><datafield ind1="1" ind2="4" tag="245"><subfield code="a">The Shawnee herald.</subfield></datafield><datafield ind1="3" ind2=" " tag="246"><subfield code="a">Herald-democrat</subfield></datafield><datafield ind1="3" ind2=" " tag="246"><subfield code="a">Shawnee weekly herald</subfield></datafield><datafield ind1=" " ind2=" " tag="260"><subfield code="a">Shawnee, Okla. :</subfield><subfield code="b">Shawnee Pub. Co.</subfield></datafield><datafield ind1=" " ind2=" " tag="300"><subfield code="a">v.</subfield></datafield><datafield ind1=" " ind2=" " tag="310"><subfield code="a">Weekly</subfield></datafield><datafield ind1="1" ind2=" " tag="362"><subfield code="a">Began in 1901; ceased in 1911.</subfield></datafield><datafield ind1=" " ind2=" " tag="500"><subfield code="a">"Successor to the Keokuk Kall, the Shawnee daily herald, and the McLoud herald."</subfield></datafield><datafield ind1=" " ind2=" " tag="500"><subfield code="a">"Consolidation of: Shawnee Daily Democrat [and] Shawnee Weekly Herald, under masthead July 7, 1904."</subfield></datafield><datafield ind1=" " ind2=" " tag="500"><subfield code="a">Published as: Herald-democrat in Jan. 1904.</subfield></datafield><datafield ind1=" " ind2=" " tag="500"><subfield code="a">Published as: Shawnee weekly herald, July 6-Sep. 6, 1906.</subfield></datafield><datafield ind1=" " ind2=" " tag="580"><subfield code="a">Daily eds.: Shawnee herald (Daily : 1902), &lt;1902-Sep. 6, 1906), and: Shawnee daily herald, Sep 7, 1906-Nov 22, 1911.</subfield></datafield><datafield ind1=" " ind2=" " tag="588"><subfield code="a">Description based on: Vol. 3, no. 13 (May 17, 1901).</subfield></datafield><datafield ind1=" " ind2="0" tag="651"><subfield code="a">Shawnee (Okla.)</subfield><subfield code="v">Newspapers.</subfield></datafield><datafield ind1=" " ind2="0" tag="651"><subfield code="a">Pottawatomie County (Okla.)</subfield><subfield code="v">Newspapers.</subfield></datafield><datafield ind1=" " ind2="7" tag="655"><subfield code="a">Newspapers.</subfield><subfield code="2">fast</subfield><subfield code="0">(OCoLC)fst01423814</subfield></datafield><datafield ind1=" " ind2="7" tag="651"><subfield code="a">Oklahoma</subfield><subfield code="z">Pottawatomie County.</subfield><subfield code="2">fast</subfield><subfield code="0">(OCoLC)fst01220558</subfield></datafield><datafield ind1=" " ind2="7" tag="651"><subfield code="a">Oklahoma</subfield><subfield code="z">Shawnee.</subfield><subfield code="2">fast</subfield><subfield code="0">(OCoLC)fst01220557</subfield></datafield><datafield ind1=" " ind2=" " tag="752"><subfield code="a">United States</subfield><subfield code="b">Oklahoma</subfield><subfield code="c">Pottawatomie</subfield><subfield code="d">Shawnee.</subfield></datafield><datafield ind1="0" ind2=" " tag="775"><subfield code="t">Shawnee herald (Daily : 1902)</subfield><subfield code="w">(DLC)sn 97070346</subfield><subfield code="w">(OCoLC)37706518</subfield></datafield><datafield ind1="0" ind2=" " tag="775"><subfield code="t">Shawnee daily herald</subfield><subfield code="w">(DLC)sn 97070347</subfield><subfield code="w">(OCoLC)37706559</subfield></datafield><datafield ind1="0" ind2="5" tag="780"><subfield code="t">Shawnee daily democrat</subfield><subfield code="w">(DLC)sn 97070345</subfield><subfield code="w">(OCoLC)37704273</subfield></datafield><datafield ind1="0" ind2="0" tag="780"><subfield code="t">McLoud herald</subfield></datafield></record>